<?xml version="1.0" encoding="UTF-8"?><collection xmlns="http://www.loc.gov/MARC21/slim"><record><leader>00446nam--2200169-i-4500</leader><controlfield tag="001">000044312</controlfield><controlfield tag="002">20161230</controlfield><controlfield tag="005">20161230201044</controlfield><controlfield tag="008">060222s1000------------r-----000-0-eng-d</controlfield><datafield ind1=" " ind2=" " tag="040"><subfield code="a">IFIN-HH</subfield></datafield><datafield ind1=" " ind2=" " tag="080"><subfield code="a">53(081)</subfield></datafield><datafield ind1="1" ind2=" " tag="100"><subfield code="a">Ter Haar, D</subfield></datafield><datafield ind1="1" ind2="0" tag="245"><subfield code="a">Collected papers of l.d. landau</subfield><subfield code="c">D. ter haar</subfield></datafield><datafield ind1=" " ind2=" " tag="260"><subfield code="a">Nrw York</subfield><subfield code="b">Gordon And Breach, Science Publishers</subfield><subfield code="c">1965</subfield></datafield><datafield ind1=" " ind2=" " tag="300"><subfield code="a">XX + 836P</subfield></datafield><datafield ind1=" " ind2=" " tag="852"><subfield code="a">77670</subfield><subfield code="c">53</subfield></datafield><datafield ind1=" " ind2=" " tag="CAT"><subfield code="a">Sys</subfield><subfield code="c">20150403</subfield><subfield code="h">093629</subfield></datafield></record></collection>